<?xml version="1.0" encoding="UTF-8"?><collection xmlns="http://www.loc.gov/MARC21/slim"><record><leader>00362nam--2200121-i-4500</leader><controlfield tag="001">000046704</controlfield><controlfield tag="002">20161230</controlfield><controlfield tag="005">20161230201046</controlfield><controlfield tag="008">060222s1000------------r-----000-0-eng-d</controlfield><datafield ind1=" " ind2=" " tag="080"><subfield code="a">801.323.1:805.90:800.935:338.04</subfield></datafield><datafield ind1=" " ind2=" " tag="245"><subfield code="a">Vocabular politematic de termeni normalizati-18.000 termeni. vol1:lista alfabetica</subfield></datafield><datafield ind1=" " ind2=" " tag="260"><subfield code="a">Bucuresti, Idt, 1971. 220 P</subfield></datafield><datafield ind1=" " ind2=" " tag="852"><subfield code="a">36606</subfield></datafield></record></collection>